%-----------------------------------LICENSE------------------------------------%
%   This file is part of Mathematics-and-Physics.                              %
%                                                                              %
%   Mathematics-and-Physics is free software: you can redistribute it and/or   %
%   modify it under the terms of the GNU General Public License as             %
%   published by the Free Software Foundation, either version 3 of the         %
%   License, or (at your option) any later version.                            %
%                                                                              %
%   Mathematics-and-Physics is distributed in the hope that it will be useful, %
%   but WITHOUT ANY WARRANTY; without even the implied warranty of             %
%   MERCHANTABILITY or FITNESS FOR A PARTICULAR PURPOSE.  See the              %
%   GNU General Public License for more details.                               %
%                                                                              %
%   You should have received a copy of the GNU General Public License along    %
%   with Mathematics-and-Physics.  If not, see <https://www.gnu.org/licenses/>.%
%----------------------------------Preamble------------------------------------%
@book{
    BeerTibetanSymbols,
    author = "{Beer, Robert}",
    title = "{The Handbook of Tibetan Buddhist Symbols}",
    publisher = "{Shambhala Publications}",
    year = "{2003}"
}
@article{
    BrowneWildKnots,
    author = "{Browne, Cameron}",
    title = "{Wild Knots}",
    publisher = "{Elsevier}",
    journal = "{Computer and Graphics}",
    year = "{2006}"
}
@article{
    FoxArtinWildKnots1948,
    author = "{Fox, Ralph and Artin, Emil}",
    title = "{Some Wild Cells and Spheres in Three-Dimensional Space}",
    publisher = "{Annals of Mathematics}",
    journal = "{Princeton University Press}",
    year = "{1948}"
}
@book{
    VikingWomenJesch,
    author = "{Jesch, Judith}",
    title = "{Women in the Viking Age}",
    publisher = "{Woodbridge}",
    year = "{1991}"
}
@book{
    LivingstonKnotTheory,
    author = "{Livingston, Charles}",
    title = "{Knot Theory}",
    publisher = "{Mathematical Association of America}",
    year = "{1993}"
}
@book{
    MaxwellTreatist1873,
    author = {Maxwell, James Clerk},
    title = "{A Treatise on Electricity and Magnetism}",
    publisher = "{Oxford University Press}",
    year = "{1873}"
}
@book{
    Nordenfalk1977,
    author = "{Nordenfalk, Carl Adam Johan}",
    title = "{
        Celtic and Anglo-Saxon Painting:
        Book Illuminination in the British Isles 600 - 800
    }",
    publisher = "{G. Braziller}",
    year = "{1977}"
}
@article{
    PoincareAnalysisSitus1895,
    author = "{Henri Poincar\'{e}}",
    title = "{Analysis Situs}",
    journal = "{Journal de l'\'{E}cole Polytechnique}",
    year = "{1895}"
}
@article{
    RiccaNipotaGaussLinkingNumber,
    author = "{Ricca, Renzo and Nipoti, Bernardo}",
    title = "{Gauss' Linking Number Revisited}",
    journal = "{Journal of Knot Theory and Its RamiÔ¨Åcations}",
    year = "{2010}",
    publisher = "{World Scientific}",
    pages = "{1325-1343}"
}
@article{
    TaitOnKnots1885,
    author = "{Tait, Peter G.}",
    title = "{On Knots, Part III}",
    journal = "{Proceedings of the Royal Society of Edinburgh}",
    publisher = "{Cambridge University Press}",
    year = "{1885}"
}
@book{
    ThompsonVortexRings1883,
    author = "{Thompson, Joseph John}",
    title = "{Treatise on the Motion of Vortex Rings}",
    publisher = "{London, Macmillan}",
    year = "{1883}"
}
@article{
    ThompsonStructureOfAtoms1904,
    author = "{Thompson, Joseph John}",
    title = "{On the Structure of the Atom}",
    journal = "{Philosophical Magazine}",
    publisher = "{Taylor and Francis}",
    year = "{1904}"
}
@article{
    ThompsonVortex1867,
    author = "{Thompson, William (Lord Kelvin)}",
    title = "{On Vortex Atoms}",
    journal = "{Proceedings of the Royal Society of Edinburgh}",
    publisher = "{Cambridge University Press}",
    year = "{1867}"
}
@article{
    Vanermonde1771,
    author = "{Vandermonde, Alexandre-Th\'{e}ophile}",
    title = "{Remarques sur les Probl\`{e}mes de Situation}",
    journal = "{M\'{e}moires de l'Acad\'{e}mie}",
    publisher = "{Royale des Sciences}",
    year = "{1771}",
    pages = "{566-574}"
}
