@article{LeonhardEulerBridgesOfKonigsberg,
    title="Solutio problematis ad geometriam situs pertinentis",
    author="Leonhard Euler",
    journal="Commentarii Academiae scientiarum imperialis Petropolitanae",
    pages="128-140",
    year="1736"
}
@article{LeonhardEulerPolyhedraFormula,
    title="Elementa doctrinae solidorum",
    author="Leonhard Euler",
    journal="Novi Commentarii Academiae Scientiarum Petropolitanae",
    pages="109-140",
    year="1758"
}
@article{Cantor1895,
    author={Cantor, Georg},
    journal={Mathematische Annalen},
    pages={481-512},
    title={Beitr\"{a}ge zur Begr\"{u}ndung der transfiniten Mengenlehre (1)},
    volume={46},
    year={1895}
}
@book{HausdorffSetTheory,
    title="Mengenlehre",
    author="Felix Hausdorff",
    year="1927",
    publisher="Verlag Walter de Gruyter"
}
@book{MerriamWebsterPredicateDef,
    title="Merriam-Webster Dictionary",
    note="Predicate",
    year="2020",
    publisher="Merriam-Webster"
}
@book{Cunningham2010,
    author={D. Cunningham},
    title="{A Logical Introduction to Proof}",
    publisher="Springer",
    address="New York",
    year="2012"
}
