@article{DOWKER198319,
title = {Classification of knot projections},
journal = {Topology and its Applications},
volume = {16},
number = {1},
pages = {19-31},
year = {1983},
issn = {0166-8641},
doi = {https://doi.org/10.1016/0166-8641(83)90004-4},
url = {https://www.sciencedirect.com/science/article/pii/0166864183900044},
author = {C.H. Dowker and Morwen B. Thistlethwaite}
}
@misc{KatlasDTCodes,
  title = {Knot Atlas DT Codes},
  howpublished = {\url{http://katlas.math.toronto.edu/wiki/DT_%28Dowker-Thistlethwaite%29_Codes}},
  note = {Accessed: 2023-02-27}
}
