@article{barnatan2002khovanov,
    title="On Khovanov's categorification of the Jones' polynomial",
    author="Dror Bar-Natan",
    journal="Algebraic and Geometric Topology",
    pages="337--370",
    year="2002"
}
@article{kronheimermrowka2010,
	title="Khovanov Homology is an Unknot-Detector",
	author="P. B. Kronheimer and T. S. Mrowka",
	journal="Publications Math\'{e}matiques de l'IH\'{E}S",
	pages="97-208",
	year="2011"
}
@article{JoshuaMSabloffWhatIsLegendrianKnot,
	title="What is a Legendrian Knot?",
	author="Joshua M. Sabloff",
	journal="Notices of the AMS",
	pages="1282-1284",
	year="2009"
}
@article{VeraVertessiTransNonSimpleKnots,
	title="Transversally Non-Simple Knots",
	author="Vera Vertesi",
	journal="Algebraic and Geometric Topology",
	pages="1001-1018",
	year="2008"
}
@article{EliashbergFraserClassificationTopTrivialLegKnots,
	title="Classification of Topological Trivial Legendrian Knots",
	author="Y. Eliashberg and M. Fraser",
	journal="CRM Proceedings and Lecture Notes",
	pages="17-51",
	year="1998"
}
@article{EtnyreHondaContactTopologyI,
	title="Knots and Contact Geometry I",
	author="J. B. Etnyre and K. Honda",
	journal="Jounral of Symplectic Geometry",
	pages="63-120",
	year="2001"
}
@article{ChekanovDifAlgOfLegLinks,
	title="Differential Algebra of Legendrian Links",
	author="J. B. Etnyre and K. Honda",
	journal="Inventiones Mathematicae",
	pages="441-483",
	year="2002"
}
@article{Khovanov1999CatJonesPoly,
	title="A Categorification of the Jones Polynomial",
	author="Mikhail Khovanov",
	journal="Duke Mathematical Journal",
	year="1999",
	volume="101",
	pages="359-426"
}
@article{Khovanov1999CatJonesPoly,
	title="Fast Khovanov Homology Computations",
	author="Dror Bar-Natan",
	journal="Journal of Knot Theory and Its Ramifications",
	year="2007",
	volume="16",
	pages="245-255"
}
